%YAML 1.1
%TAG !u! tag:unity3d.com,2011:
--- !u!29 &1
OcclusionCullingSettings:
  m_ObjectHideFlags: 0
  serializedVersion: 2
  m_OcclusionBakeSettings:
    smallestOccluder: 5
    smallestHole: 0.25
    backfaceThreshold: 100
  m_SceneGUID: 00000000000000000000000000000000
  m_OcclusionCullingData: {fileID: 0}
--- !u!104 &2
RenderSettings:
  m_ObjectHideFlags: 0
  serializedVersion: 9
  m_Fog: 0
  m_FogColor: {r: 0.5, g: 0.5, b: 0.5, a: 1}
  m_FogMode: 3
  m_FogDensity: 0.01
  m_LinearFogStart: 0
  m_LinearFogEnd: 300
  m_AmbientSkyColor: {r: 0.2, g: 0.2, b: 0.2, a: 1}
  m_AmbientEquatorColor: {r: 0.2, g: 0.2, b: 0.2, a: 1}
  m_AmbientGroundColor: {r: 0.2, g: 0.2, b: 0.2, a: 1}
  m_AmbientIntensity: 1
  m_AmbientMode: 0
  m_SubtractiveShadowColor: {r: 0.42, g: 0.478, b: 0.627, a: 1}
  m_SkyboxMaterial: {fileID: 0}
  m_HaloStrength: 0.5
  m_FlareStrength: 1
  m_FlareFadeSpeed: 3
  m_HaloTexture: {fileID: 0}
  m_SpotCookie: {fileID: 10001, guid: 0000000000000000e000000000000000, type: 0}
  m_DefaultReflectionMode: 0
  m_DefaultReflectionResolution: 128
  m_ReflectionBounces: 1
  m_ReflectionIntensity: 1
  m_CustomReflection: {fileID: 0}
  m_Sun: {fileID: 0}
  m_IndirectSpecularColor: {r: 0, g: 0, b: 0, a: 1}
  m_UseRadianceAmbientProbe: 0
--- !u!157 &4
LightmapSettings:
  m_ObjectHideFlags: 0
  serializedVersion: 11
  m_GIWorkflowMode: 1
  m_GISettings:
    serializedVersion: 2
    m_BounceScale: 1
    m_IndirectOutputScale: 1
    m_AlbedoBoost: 1
    m_EnvironmentLightingMode: 0
    m_EnableBakedLightmaps: 1
    m_EnableRealtimeLightmaps: 0
  m_LightmapEditorSettings:
    serializedVersion: 12
    m_Resolution: 1
    m_BakeResolution: 50
    m_AtlasSize: 1024
    m_AO: 0
    m_AOMaxDistance: 1
    m_CompAOExponent: 0
    m_CompAOExponentDirect: 0
    m_ExtractAmbientOcclusion: 0
    m_Padding: 2
    m_LightmapParameters: {fileID: 0}
    m_LightmapsBakeMode: 1
    m_TextureCompression: 0
    m_FinalGather: 0
    m_FinalGatherFiltering: 1
    m_FinalGatherRayCount: 1024
    m_ReflectionCompression: 2
    m_MixedBakeMode: 0
    m_BakeBackend: 2
    m_PVRSampling: 1
    m_PVRDirectSampleCount: 32
    m_PVRSampleCount: 500
    m_PVRBounces: 2
    m_PVREnvironmentSampleCount: 500
    m_PVREnvironmentReferencePointCount: 2048
    m_PVRFilteringMode: 2
    m_PVRDenoiserTypeDirect: 0
    m_PVRDenoiserTypeIndirect: 0
    m_PVRDenoiserTypeAO: 0
    m_PVRFilterTypeDirect: 0
    m_PVRFilterTypeIndirect: 0
    m_PVRFilterTypeAO: 0
    m_PVREnvironmentMIS: 0
    m_PVRCulling: 1
    m_PVRFilteringGaussRadiusDirect: 1
    m_PVRFilteringGaussRadiusIndirect: 5
    m_PVRFilteringGaussRadiusAO: 2
    m_PVRFilteringAtrousPositionSigmaDirect: 0.5
    m_PVRFilteringAtrousPositionSigmaIndirect: 2
    m_PVRFilteringAtrousPositionSigmaAO: 1
    m_ExportTrainingData: 0
    m_TrainingDataDestination: TrainingData
    m_LightProbeSampleCountMultiplier: 4
  m_LightingDataAsset: {fileID: 0}
  m_UseShadowmask: 0
--- !u!196 &5
NavMeshSettings:
  serializedVersion: 2
  m_ObjectHideFlags: 0
  m_BuildSettings:
    serializedVersion: 2
    agentTypeID: 0
    agentRadius: 0.5
    agentHeight: 2
    agentSlope: 45
    agentClimb: 0.4
    ledgeDropHeight: 0
    maxJumpAcrossDistance: 0
    minRegionArea: 2
    manualCellSize: 0
    cellSize: 0.16666666
    manualTileSize: 0
    tileSize: 256
    accuratePlacement: 0
    debug:
      m_Flags: 0
  m_NavMeshData: {fileID: 0}
--- !u!1 &6472863
GameObject:
  m_ObjectHideFlags: 0
  m_CorrespondingSourceObject: {fileID: 0}
  m_PrefabInstance: {fileID: 0}
  m_PrefabAsset: {fileID: 0}
  serializedVersion: 6
  m_Component:
  - component: {fileID: 6472864}
  - component: {fileID: 6472865}
  m_Layer: 0
  m_Name: KinectV2
  m_TagString: Untagged
  m_Icon: {fileID: 0}
  m_NavMeshLayer: 0
  m_StaticEditorFlags: 0
  m_IsActive: 1
--- !u!4 &6472864
Transform:
  m_ObjectHideFlags: 0
  m_CorrespondingSourceObject: {fileID: 0}
  m_PrefabInstance: {fileID: 0}
  m_PrefabAsset: {fileID: 0}
  m_GameObject: {fileID: 6472863}
  m_LocalRotation: {x: -0, y: -0, z: -0, w: 1}
  m_LocalPosition: {x: 0, y: 1, z: 0}
  m_LocalScale: {x: 1, y: 1, z: 1}
  m_Children: []
  m_Father: {fileID: 17942846}
  m_RootOrder: 1
  m_LocalEulerAnglesHint: {x: 0, y: 0, z: 0}
--- !u!114 &6472865
MonoBehaviour:
  m_ObjectHideFlags: 0
  m_CorrespondingSourceObject: {fileID: 0}
  m_PrefabInstance: {fileID: 0}
  m_PrefabAsset: {fileID: 0}
  m_GameObject: {fileID: 6472863}
  m_Enabled: 1
  m_EditorHideFlags: 0
  m_Script: {fileID: 11500000, guid: 3187c833c6106e54facb6071b57475a2, type: 3}
  m_Name: 
  m_EditorClassIdentifier: 
  deviceStreamingMode: 0
  deviceIndex: 0
  recordingFile: 
  minDistance: 0.5
  maxDistance: 10
  pointCloudResolution: 0
  pointCloudVertexTexture: {fileID: 0}
  pointCloudColorTexture: {fileID: 0}
  pointCloudPlayerList: 
  frameSourceFlags: 0
  sensorRotValueY: 0
  usersFaceBackwards: 0
--- !u!1 &17942844
GameObject:
  m_ObjectHideFlags: 0
  m_CorrespondingSourceObject: {fileID: 0}
  m_PrefabInstance: {fileID: 0}
  m_PrefabAsset: {fileID: 0}
  serializedVersion: 6
  m_Component:
  - component: {fileID: 17942846}
  - component: {fileID: 17942847}
  m_Layer: 0
  m_Name: KinectController
  m_TagString: Untagged
  m_Icon: {fileID: 0}
  m_NavMeshLayer: 0
  m_StaticEditorFlags: 0
  m_IsActive: 1
--- !u!4 &17942846
Transform:
  m_ObjectHideFlags: 0
  m_CorrespondingSourceObject: {fileID: 0}
  m_PrefabInstance: {fileID: 0}
  m_PrefabAsset: {fileID: 0}
  m_GameObject: {fileID: 17942844}
  m_LocalRotation: {x: 0, y: 0, z: 0, w: 1}
  m_LocalPosition: {x: 0, y: 0, z: 0}
  m_LocalScale: {x: 1, y: 1, z: 1}
  m_Children:
  - {fileID: 458205062}
  - {fileID: 6472864}
  - {fileID: 1113136444}
  m_Father: {fileID: 0}
  m_RootOrder: 6
  m_LocalEulerAnglesHint: {x: 0, y: 0, z: 0}
--- !u!114 &17942847
MonoBehaviour:
  m_ObjectHideFlags: 0
  m_CorrespondingSourceObject: {fileID: 0}
  m_PrefabInstance: {fileID: 0}
  m_PrefabAsset: {fileID: 0}
  m_GameObject: {fileID: 17942844}
  m_Enabled: 1
  m_EditorHideFlags: 0
  m_Script: {fileID: 11500000, guid: 6b531f336dfee5f438f94ed501caefc7, type: 3}
  m_Name: 
  m_EditorClassIdentifier: 
  useMultiCamConfig: 0
  getDepthFrames: 1
  getColorFrames: 2
  getInfraredFrames: 0
  getPoseFrames: 0
  getBodyFrames: 3
  syncDepthAndColor: 1
  syncBodyAndDepth: 1
  minUserDistance: 0
  maxUserDistance: 0
  maxLeftRightDistance: 0
  maxTrackedUsers: 0
  showAllowedUsersOnly: 0
  userDetectionOrder: 0
  ignoreInferredJoints: 0
  ignoreZCoordinates: 0
  boneOrientationConstraints: 1
  playerCalibrationPose: 0
  userManager: {fileID: 0}
  gestureManager: {fileID: 0}
  displayImages: 01010000
  displayImageWidthPercent: 0.2
  statusInfoText: {fileID: 1344219435}
  consoleLogMessages: 1
  OnDepthSensorsStarted:
    m_PersistentCalls:
      m_Calls: []
  OnDepthSensorsStopped:
    m_PersistentCalls:
      m_Calls: []
--- !u!1 &229768354
GameObject:
  m_ObjectHideFlags: 0
  m_CorrespondingSourceObject: {fileID: 0}
  m_PrefabInstance: {fileID: 0}
  m_PrefabAsset: {fileID: 0}
  serializedVersion: 6
  m_Component:
  - component: {fileID: 229768355}
  - component: {fileID: 229768359}
  - component: {fileID: 229768358}
  - component: {fileID: 229768357}
  - component: {fileID: 229768356}
  m_Layer: 5
  m_Name: RawImage
  m_TagString: Untagged
  m_Icon: {fileID: 0}
  m_NavMeshLayer: 0
  m_StaticEditorFlags: 0
  m_IsActive: 1
--- !u!224 &229768355
RectTransform:
  m_ObjectHideFlags: 0
  m_CorrespondingSourceObject: {fileID: 0}
  m_PrefabInstance: {fileID: 0}
  m_PrefabAsset: {fileID: 0}
  m_GameObject: {fileID: 229768354}
  m_LocalRotation: {x: 0, y: 0, z: 0, w: 1}
  m_LocalPosition: {x: 0, y: 0, z: 0}
  m_LocalScale: {x: 1, y: -1, z: 1}
  m_Children: []
  m_Father: {fileID: 617535338}
  m_RootOrder: 0
  m_LocalEulerAnglesHint: {x: 0, y: 0, z: 0}
  m_AnchorMin: {x: 0, y: 0}
  m_AnchorMax: {x: 1, y: 1}
  m_AnchoredPosition: {x: 0, y: 0}
  m_SizeDelta: {x: 0, y: 0}
  m_Pivot: {x: 0.5, y: 0.5}
--- !u!114 &229768356
MonoBehaviour:
  m_ObjectHideFlags: 0
  m_CorrespondingSourceObject: {fileID: 0}
  m_PrefabInstance: {fileID: 0}
  m_PrefabAsset: {fileID: 0}
  m_GameObject: {fileID: 229768354}
  m_Enabled: 1
  m_EditorHideFlags: 0
  m_Script: {fileID: 11500000, guid: 78b5cd09b2fe6a74b822705cd59951f1, type: 3}
  m_Name: 
  m_EditorClassIdentifier: 
  sensorIndex: 0
  targetAspectRatio: {x: 0, y: 0}
--- !u!114 &229768357
MonoBehaviour:
  m_ObjectHideFlags: 0
  m_CorrespondingSourceObject: {fileID: 0}
  m_PrefabInstance: {fileID: 0}
  m_PrefabAsset: {fileID: 0}
  m_GameObject: {fileID: 229768354}
  m_Enabled: 1
  m_EditorHideFlags: 0
  m_Script: {fileID: 11500000, guid: 4c68913127bedcd4bbd001b610521305, type: 3}
  m_Name: 
  m_EditorClassIdentifier: 
  sensorIndex: 0
  backgroundImage: {fileID: 0}
  backgroundCamera: {fileID: 0}
--- !u!114 &229768358
MonoBehaviour:
  m_ObjectHideFlags: 0
  m_CorrespondingSourceObject: {fileID: 0}
  m_PrefabInstance: {fileID: 0}
  m_PrefabAsset: {fileID: 0}
  m_GameObject: {fileID: 229768354}
  m_Enabled: 1
  m_EditorHideFlags: 0
  m_Script: {fileID: 11500000, guid: 1344c3c82d62a2a41a3576d8abb8e3ea, type: 3}
  m_Name: 
  m_EditorClassIdentifier: 
  m_Material: {fileID: 0}
  m_Color: {r: 1, g: 1, b: 1, a: 0}
  m_RaycastTarget: 1
  m_Maskable: 1
  m_OnCullStateChanged:
    m_PersistentCalls:
      m_Calls: []
  m_Texture: {fileID: 0}
  m_UVRect:
    serializedVersion: 2
    x: 0
    y: 0
    width: 1
    height: 1
--- !u!222 &229768359
CanvasRenderer:
  m_ObjectHideFlags: 0
  m_CorrespondingSourceObject: {fileID: 0}
  m_PrefabInstance: {fileID: 0}
  m_PrefabAsset: {fileID: 0}
  m_GameObject: {fileID: 229768354}
  m_CullTransparentMesh: 0
--- !u!1 &378683794
GameObject:
  m_ObjectHideFlags: 0
  m_CorrespondingSourceObject: {fileID: 0}
  m_PrefabInstance: {fileID: 0}
  m_PrefabAsset: {fileID: 0}
  serializedVersion: 6
  m_Component:
  - component: {fileID: 378683797}
  - component: {fileID: 378683796}
  - component: {fileID: 378683795}
  m_Layer: 0
  m_Name: EventSystem
  m_TagString: Untagged
  m_Icon: {fileID: 0}
  m_NavMeshLayer: 0
  m_StaticEditorFlags: 0
  m_IsActive: 1
--- !u!114 &378683795
MonoBehaviour:
  m_ObjectHideFlags: 0
  m_CorrespondingSourceObject: {fileID: 0}
  m_PrefabInstance: {fileID: 0}
  m_PrefabAsset: {fileID: 0}
  m_GameObject: {fileID: 378683794}
  m_Enabled: 1
  m_EditorHideFlags: 0
  m_Script: {fileID: 11500000, guid: 4f231c4fb786f3946a6b90b886c48677, type: 3}
  m_Name: 
  m_EditorClassIdentifier: 
  m_HorizontalAxis: Horizontal
  m_VerticalAxis: Vertical
  m_SubmitButton: Submit
  m_CancelButton: Cancel
  m_InputActionsPerSecond: 10
  m_RepeatDelay: 0.5
  m_ForceModuleActive: 0
--- !u!114 &378683796
MonoBehaviour:
  m_ObjectHideFlags: 0
  m_CorrespondingSourceObject: {fileID: 0}
  m_PrefabInstance: {fileID: 0}
  m_PrefabAsset: {fileID: 0}
  m_GameObject: {fileID: 378683794}
  m_Enabled: 1
  m_EditorHideFlags: 0
  m_Script: {fileID: 11500000, guid: 76c392e42b5098c458856cdf6ecaaaa1, type: 3}
  m_Name: 
  m_EditorClassIdentifier: 
  m_FirstSelected: {fileID: 0}
  m_sendNavigationEvents: 1
  m_DragThreshold: 5
--- !u!4 &378683797
Transform:
  m_ObjectHideFlags: 0
  m_CorrespondingSourceObject: {fileID: 0}
  m_PrefabInstance: {fileID: 0}
  m_PrefabAsset: {fileID: 0}
  m_GameObject: {fileID: 378683794}
  m_LocalRotation: {x: 0, y: 0, z: 0, w: 1}
  m_LocalPosition: {x: 0, y: 0, z: 0}
  m_LocalScale: {x: 1, y: 1, z: 1}
  m_Children: []
  m_Father: {fileID: 0}
  m_RootOrder: 4
  m_LocalEulerAnglesHint: {x: 0, y: 0, z: 0}
--- !u!1 &458205061
GameObject:
  m_ObjectHideFlags: 0
  m_CorrespondingSourceObject: {fileID: 0}
  m_PrefabInstance: {fileID: 0}
  m_PrefabAsset: {fileID: 0}
  serializedVersion: 6
  m_Component:
  - component: {fileID: 458205062}
  - component: {fileID: 458205063}
  m_Layer: 0
  m_Name: Kinect4Azure
  m_TagString: Untagged
  m_Icon: {fileID: 0}
  m_NavMeshLayer: 0
  m_StaticEditorFlags: 0
  m_IsActive: 1
--- !u!4 &458205062
Transform:
  m_ObjectHideFlags: 0
  m_CorrespondingSourceObject: {fileID: 0}
  m_PrefabInstance: {fileID: 0}
  m_PrefabAsset: {fileID: 0}
  m_GameObject: {fileID: 458205061}
  m_LocalRotation: {x: -0, y: -0, z: -0, w: 1}
  m_LocalPosition: {x: 0, y: 1, z: 0}
  m_LocalScale: {x: 1, y: 1, z: 1}
  m_Children: []
  m_Father: {fileID: 17942846}
  m_RootOrder: 0
  m_LocalEulerAnglesHint: {x: 0, y: 0, z: 0}
--- !u!114 &458205063
MonoBehaviour:
  m_ObjectHideFlags: 0
  m_CorrespondingSourceObject: {fileID: 0}
  m_PrefabInstance: {fileID: 0}
  m_PrefabAsset: {fileID: 0}
  m_GameObject: {fileID: 458205061}
  m_Enabled: 1
  m_EditorHideFlags: 0
  m_Script: {fileID: 11500000, guid: e8f864d895d4d9c4cb2a9b96bb86c08b, type: 3}
  m_Name: 
  m_EditorClassIdentifier: 
  deviceStreamingMode: 1
  deviceIndex: 0
  recordingFile: 
  minDistance: 0.5
  maxDistance: 10
  pointCloudResolution: 0
  pointCloudVertexTexture: {fileID: 0}
  pointCloudColorTexture: {fileID: 0}
  pointCloudPlayerList: 
  frameSourceFlags: 0
  sensorRotValueY: 0
  colorCameraMode: 2
  depthCameraMode: 2
  cameraFPS: 2
  deviceSyncMode: 0
  subDeviceDelayUsec: 0
  playbackPosSeconds: -1
  loopPlayback: 0
  detectFloorForPoseEstimation: 1
--- !u!1 &479673196
GameObject:
  m_ObjectHideFlags: 0
  m_CorrespondingSourceObject: {fileID: 0}
  m_PrefabInstance: {fileID: 0}
  m_PrefabAsset: {fileID: 0}
  serializedVersion: 6
  m_Component:
  - component: {fileID: 479673197}
  - component: {fileID: 479673200}
  - component: {fileID: 479673199}
  - component: {fileID: 479673198}
  m_Layer: 5
  m_Name: Canvas
  m_TagString: Untagged
  m_Icon: {fileID: 0}
  m_NavMeshLayer: 0
  m_StaticEditorFlags: 0
  m_IsActive: 1
--- !u!224 &479673197
RectTransform:
  m_ObjectHideFlags: 0
  m_CorrespondingSourceObject: {fileID: 0}
  m_PrefabInstance: {fileID: 0}
  m_PrefabAsset: {fileID: 0}
  m_GameObject: {fileID: 479673196}
  m_LocalRotation: {x: 0, y: 0, z: 0, w: 1}
  m_LocalPosition: {x: 0, y: 0, z: 0}
  m_LocalScale: {x: 0, y: 0, z: 0}
  m_Children:
  - {fileID: 1344219438}
  m_Father: {fileID: 0}
  m_RootOrder: 3
  m_LocalEulerAnglesHint: {x: 0, y: 0, z: 0}
  m_AnchorMin: {x: 0, y: 0}
  m_AnchorMax: {x: 0, y: 0}
  m_AnchoredPosition: {x: 0, y: 0}
  m_SizeDelta: {x: 0, y: 0}
  m_Pivot: {x: 0, y: 0}
--- !u!114 &479673198
MonoBehaviour:
  m_ObjectHideFlags: 0
  m_CorrespondingSourceObject: {fileID: 0}
  m_PrefabInstance: {fileID: 0}
  m_PrefabAsset: {fileID: 0}
  m_GameObject: {fileID: 479673196}
  m_Enabled: 1
  m_EditorHideFlags: 0
  m_Script: {fileID: 11500000, guid: dc42784cf147c0c48a680349fa168899, type: 3}
  m_Name: 
  m_EditorClassIdentifier: 
  m_IgnoreReversedGraphics: 1
  m_BlockingObjects: 0
  m_BlockingMask:
    serializedVersion: 2
    m_Bits: 4294967295
--- !u!114 &479673199
MonoBehaviour:
  m_ObjectHideFlags: 0
  m_CorrespondingSourceObject: {fileID: 0}
  m_PrefabInstance: {fileID: 0}
  m_PrefabAsset: {fileID: 0}
  m_GameObject: {fileID: 479673196}
  m_Enabled: 1
  m_EditorHideFlags: 0
  m_Script: {fileID: 11500000, guid: 0cd44c1031e13a943bb63640046fad76, type: 3}
  m_Name: 
  m_EditorClassIdentifier: 
  m_UiScaleMode: 1
  m_ReferencePixelsPerUnit: 100
  m_ScaleFactor: 1
  m_ReferenceResolution: {x: 800, y: 600}
  m_ScreenMatchMode: 0
  m_MatchWidthOrHeight: 0.5
  m_PhysicalUnit: 3
  m_FallbackScreenDPI: 96
  m_DefaultSpriteDPI: 96
  m_DynamicPixelsPerUnit: 1
--- !u!223 &479673200
Canvas:
  m_ObjectHideFlags: 0
  m_CorrespondingSourceObject: {fileID: 0}
  m_PrefabInstance: {fileID: 0}
  m_PrefabAsset: {fileID: 0}
  m_GameObject: {fileID: 479673196}
  m_Enabled: 1
  serializedVersion: 3
  m_RenderMode: 0
  m_Camera: {fileID: 0}
  m_PlaneDistance: 100
  m_PixelPerfect: 0
  m_ReceivesEvents: 1
  m_OverrideSorting: 0
  m_OverridePixelPerfect: 0
  m_SortingBucketNormalizedSize: 0
  m_AdditionalShaderChannelsFlag: 0
  m_SortingLayerID: 0
  m_SortingOrder: 0
  m_TargetDisplay: 0
--- !u!1 &617535336
GameObject:
  m_ObjectHideFlags: 0
  m_CorrespondingSourceObject: {fileID: 0}
  m_PrefabInstance: {fileID: 0}
  m_PrefabAsset: {fileID: 0}
  serializedVersion: 6
  m_Component:
  - component: {fileID: 617535338}
  - component: {fileID: 617535337}
  m_Layer: 5
  m_Name: BackgroundImage
  m_TagString: Untagged
  m_Icon: {fileID: 0}
  m_NavMeshLayer: 0
  m_StaticEditorFlags: 0
  m_IsActive: 1
--- !u!223 &617535337
Canvas:
  m_ObjectHideFlags: 0
  m_CorrespondingSourceObject: {fileID: 0}
  m_PrefabInstance: {fileID: 0}
  m_PrefabAsset: {fileID: 0}
  m_GameObject: {fileID: 617535336}
  m_Enabled: 1
  serializedVersion: 3
  m_RenderMode: 1
  m_Camera: {fileID: 999714150}
  m_PlaneDistance: 100
  m_PixelPerfect: 0
  m_ReceivesEvents: 1
  m_OverrideSorting: 0
  m_OverridePixelPerfect: 0
  m_SortingBucketNormalizedSize: 0
  m_AdditionalShaderChannelsFlag: 25
  m_SortingLayerID: 0
  m_SortingOrder: 0
  m_TargetDisplay: 0
--- !u!224 &617535338
RectTransform:
  m_ObjectHideFlags: 0
  m_CorrespondingSourceObject: {fileID: 0}
  m_PrefabInstance: {fileID: 0}
  m_PrefabAsset: {fileID: 0}
  m_GameObject: {fileID: 617535336}
  m_LocalRotation: {x: 0, y: 0, z: 0, w: 1}
  m_LocalPosition: {x: 0, y: 0, z: 0}
  m_LocalScale: {x: 0, y: 0, z: 0}
  m_Children:
  - {fileID: 229768355}
  m_Father: {fileID: 0}
  m_RootOrder: 0
  m_LocalEulerAnglesHint: {x: 0, y: 0, z: 0}
  m_AnchorMin: {x: 0, y: 0}
  m_AnchorMax: {x: 0, y: 0}
  m_AnchoredPosition: {x: 0, y: 0}
  m_SizeDelta: {x: 0, y: 0}
  m_Pivot: {x: 0, y: 0}
--- !u!1 &710748657
GameObject:
  m_ObjectHideFlags: 0
  m_CorrespondingSourceObject: {fileID: 0}
  m_PrefabInstance: {fileID: 0}
  m_PrefabAsset: {fileID: 0}
  serializedVersion: 6
  m_Component:
  - component: {fileID: 710748659}
  - component: {fileID: 710748658}
  - component: {fileID: 710748660}
  m_Layer: 0
  m_Name: Directional light
  m_TagString: Untagged
  m_Icon: {fileID: 0}
  m_NavMeshLayer: 0
  m_StaticEditorFlags: 0
  m_IsActive: 1
--- !u!108 &710748658
Light:
  m_ObjectHideFlags: 0
  m_CorrespondingSourceObject: {fileID: 0}
  m_PrefabInstance: {fileID: 0}
  m_PrefabAsset: {fileID: 0}
  m_GameObject: {fileID: 710748657}
  m_Enabled: 1
  serializedVersion: 10
  m_Type: 1
  m_Shape: 0
  m_Color: {r: 1, g: 1, b: 1, a: 1}
  m_Intensity: 1
  m_Range: 10
  m_SpotAngle: 30
  m_InnerSpotAngle: 21.80208
  m_CookieSize: 10
  m_Shadows:
    m_Type: 0
    m_Resolution: -1
    m_CustomResolution: -1
    m_Strength: 1
    m_Bias: 0.05
    m_NormalBias: 0.4
    m_NearPlane: 0.2
    m_CullingMatrixOverride:
      e00: 1
      e01: 0
      e02: 0
      e03: 0
      e10: 0
      e11: 1
      e12: 0
      e13: 0
      e20: 0
      e21: 0
      e22: 1
      e23: 0
      e30: 0
      e31: 0
      e32: 0
      e33: 1
    m_UseCullingMatrixOverride: 0
  m_Cookie: {fileID: 0}
  m_DrawHalo: 0
  m_Flare: {fileID: 0}
  m_RenderMode: 0
  m_CullingMask:
    serializedVersion: 2
    m_Bits: 4294967295
  m_RenderingLayerMask: 1
  m_Lightmapping: 1
  m_LightShadowCasterMode: 2
  m_AreaSize: {x: 1, y: 1}
  m_BounceIntensity: 1
  m_ColorTemperature: 6570
  m_UseColorTemperature: 0
  m_BoundingSphereOverride: {x: 0, y: 0, z: 0, w: 0}
  m_UseBoundingSphereOverride: 0
  m_ShadowRadius: 0
  m_ShadowAngle: 0
--- !u!4 &710748659
Transform:
  m_ObjectHideFlags: 0
  m_CorrespondingSourceObject: {fileID: 0}
  m_PrefabInstance: {fileID: 0}
  m_PrefabAsset: {fileID: 0}
  m_GameObject: {fileID: 710748657}
  m_LocalRotation: {x: -0.044516046, y: 0.9533912, z: -0.2409023, w: -0.17615218}
  m_LocalPosition: {x: 1.5738463, y: 3.411931, z: 2.1711907}
  m_LocalScale: {x: 1, y: 1, z: 1}
  m_Children: []
  m_Father: {fileID: 0}
  m_RootOrder: 1
  m_LocalEulerAnglesHint: {x: 0, y: 0, z: 0}
--- !u!114 &710748660
MonoBehaviour:
  m_ObjectHideFlags: 0
  m_CorrespondingSourceObject: {fileID: 0}
  m_PrefabInstance: {fileID: 0}
  m_PrefabAsset: {fileID: 0}
  m_GameObject: {fileID: 710748657}
  m_Enabled: 1
  m_EditorHideFlags: 0
  m_Script: {fileID: 11500000, guid: 7a68c43fe1f2a47cfa234b5eeaa98012, type: 3}
  m_Name: 
  m_EditorClassIdentifier: 
  m_Version: 10
  m_ObsoleteShadowResolutionTier: 1
  m_ObsoleteUseShadowQualitySettings: 0
  m_ObsoleteCustomShadowResolution: 512
  m_ObsoleteContactShadows: 0
  m_PointlightHDType: 0
  m_SpotLightShape: 0
  m_AreaLightShape: 0
  m_Intensity: 1
  m_EnableSpotReflector: 0
  m_LuxAtDistance: 1
  m_InnerSpotPercent: 0
  m_LightDimmer: 1
  m_VolumetricDimmer: 1
  m_LightUnit: 2
  m_FadeDistance: 10000
  m_AffectDiffuse: 1
  m_AffectSpecular: 1
  m_NonLightmappedOnly: 0
  m_ShapeWidth: 0.5
  m_ShapeHeight: 0.5
  m_AspectRatio: 1
  m_ShapeRadius: 0.025
  m_SoftnessScale: 1
  m_UseCustomSpotLightShadowCone: 0
  m_CustomSpotLightShadowCone: 30
  m_MaxSmoothness: 0.99
  m_ApplyRangeAttenuation: 1
  m_DisplayAreaLightEmissiveMesh: 0
  m_AreaLightCookie: {fileID: 0}
  m_AreaLightShadowCone: 120
  m_UseScreenSpaceShadows: 0
  m_InteractsWithSky: 1
  m_AngularDiameter: 0.5
  m_FlareSize: 2
  m_FlareTint: {r: 1, g: 1, b: 1, a: 1}
  m_FlareFalloff: 4
  m_SurfaceTexture: {fileID: 0}
  m_SurfaceTint: {r: 1, g: 1, b: 1, a: 1}
  m_Distance: 1.5e+11
  m_UseRayTracedShadows: 0
  m_NumRayTracingSamples: 4
  m_FilterTracedShadow: 1
  m_FilterSizeTraced: 16
  m_SunLightConeAngle: 0.5
  m_LightShadowRadius: 0.5
  m_SemiTransparentShadow: 0
  m_ColorShadow: 1
  m_EvsmExponent: 15
  m_EvsmLightLeakBias: 0
  m_EvsmVarianceBias: 0.00001
  m_EvsmBlurPasses: 0
  m_LightlayersMask: 1
  m_LinkShadowLayers: 1
  m_ShadowNearPlane: 0.1
  m_BlockerSampleCount: 24
  m_FilterSampleCount: 16
  m_MinFilterSize: 0.1
  m_KernelSize: 5
  m_LightAngle: 1
  m_MaxDepthBias: 0.001
  m_ShadowResolution:
    m_Override: 512
    m_UseOverride: 1
    m_Level: 0
  m_ShadowDimmer: 1
  m_VolumetricShadowDimmer: 1
  m_ShadowFadeDistance: 10000
  m_UseContactShadow:
    m_Override: 0
    m_UseOverride: 1
    m_Level: 0
  m_RayTracedContactShadow: 0
  m_ShadowTint: {r: 0, g: 0, b: 0, a: 1}
  m_PenumbraTint: 0
  m_NormalBias: 0.75
  m_SlopeBias: 0.5
  m_ShadowUpdateMode: 0
  m_BarnDoorAngle: 90
  m_BarnDoorLength: 0.05
  m_ShadowCascadeRatios:
  - 0.05
  - 0.2
  - 0.3
  m_ShadowCascadeBorders:
  - 0.2
  - 0.2
  - 0.2
  - 0.2
  m_ShadowAlgorithm: 0
  m_ShadowVariant: 0
  m_ShadowPrecision: 0
  useOldInspector: 0
  useVolumetric: 0
  featuresFoldout: 1
  showAdditionalSettings: 0
  m_AreaLightEmissiveMeshShadowCastingMode: 0
  m_AreaLightEmissiveMeshMotionVectorGenerationMode: 0
--- !u!1 &999714146
GameObject:
  m_ObjectHideFlags: 0
  m_CorrespondingSourceObject: {fileID: 0}
  m_PrefabInstance: {fileID: 0}
  m_PrefabAsset: {fileID: 0}
  serializedVersion: 6
  m_Component:
  - component: {fileID: 999714151}
  - component: {fileID: 999714150}
  - component: {fileID: 999714148}
  - component: {fileID: 999714147}
  - component: {fileID: 999714149}
  m_Layer: 0
  m_Name: Main Camera
  m_TagString: MainCamera
  m_Icon: {fileID: 0}
  m_NavMeshLayer: 0
  m_StaticEditorFlags: 0
  m_IsActive: 1
--- !u!81 &999714147
AudioListener:
  m_ObjectHideFlags: 0
  m_CorrespondingSourceObject: {fileID: 0}
  m_PrefabInstance: {fileID: 0}
  m_PrefabAsset: {fileID: 0}
  m_GameObject: {fileID: 999714146}
  m_Enabled: 1
--- !u!124 &999714148
Behaviour:
  m_ObjectHideFlags: 0
  m_CorrespondingSourceObject: {fileID: 0}
  m_PrefabInstance: {fileID: 0}
  m_PrefabAsset: {fileID: 0}
  m_GameObject: {fileID: 999714146}
  m_Enabled: 1
--- !u!114 &999714149
MonoBehaviour:
  m_ObjectHideFlags: 0
  m_CorrespondingSourceObject: {fileID: 0}
  m_PrefabInstance: {fileID: 0}
  m_PrefabAsset: {fileID: 0}
  m_GameObject: {fileID: 999714146}
  m_Enabled: 1
  m_EditorHideFlags: 0
  m_Script: {fileID: 11500000, guid: 23c1ce4fb46143f46bc5cb5224c934f6, type: 3}
  m_Name: 
  m_EditorClassIdentifier: 
  m_Version: 7
  m_ObsoleteRenderingPath: 0
  m_ObsoleteFrameSettings:
    overrides: 0
    enableShadow: 0
    enableContactShadows: 0
    enableShadowMask: 0
    enableSSR: 0
    enableSSAO: 0
    enableSubsurfaceScattering: 0
    enableTransmission: 0
    enableAtmosphericScattering: 0
    enableVolumetrics: 0
    enableReprojectionForVolumetrics: 0
    enableLightLayers: 0
    enableExposureControl: 1
    diffuseGlobalDimmer: 0
    specularGlobalDimmer: 0
    shaderLitMode: 0
    enableDepthPrepassWithDeferredRendering: 0
    enableTransparentPrepass: 0
    enableMotionVectors: 0
    enableObjectMotionVectors: 0
    enableDecals: 0
    enableRoughRefraction: 0
    enableTransparentPostpass: 0
    enableDistortion: 0
    enablePostprocess: 0
    enableOpaqueObjects: 0
    enableTransparentObjects: 0
    enableRealtimePlanarReflection: 0
    enableMSAA: 0
    enableAsyncCompute: 0
    runLightListAsync: 0
    runSSRAsync: 0
    runSSAOAsync: 0
    runContactShadowsAsync: 0
    runVolumeVoxelizationAsync: 0
    lightLoopSettings:
      overrides: 0
      enableDeferredTileAndCluster: 0
      enableComputeLightEvaluation: 0
      enableComputeLightVariants: 0
      enableComputeMaterialVariants: 0
      enableFptlForForwardOpaque: 0
      enableBigTilePrepass: 0
      isFptlEnabled: 0
  clearColorMode: 1
  backgroundColorHDR: {r: 0.025, g: 0.07, b: 0.19, a: 0}
  clearDepth: 1
  volumeLayerMask:
    serializedVersion: 2
    m_Bits: 1
  volumeAnchorOverride: {fileID: 0}
  antialiasing: 0
  SMAAQuality: 2
  dithering: 0
  stopNaNs: 0
  taaSharpenStrength: 0.6
  physicalParameters:
    m_Iso: 200
    m_ShutterSpeed: 0.005
    m_Aperture: 16
    m_BladeCount: 5
    m_Curvature: {x: 2, y: 11}
    m_BarrelClipping: 0.25
    m_Anamorphism: 0
  flipYMode: 0
  fullscreenPassthrough: 0
  allowDynamicResolution: 0
  customRenderingSettings: 0
  invertFaceCulling: 0
  probeLayerMask:
    serializedVersion: 2
    m_Bits: 4294967295
  hasPersistentHistory: 0
  m_RenderingPathCustomFrameSettings:
    bitDatas:
      data1: 70297877217101
      data2: 4539628425463136256
    lodBias: 1
    lodBiasMode: 0
    lodBiasQualityLevel: 0
    maximumLODLevel: 0
    maximumLODLevelMode: 0
    maximumLODLevelQualityLevel: 0
    materialQuality: 0
  renderingPathCustomFrameSettingsOverrideMask:
    mask:
      data1: 0
      data2: 0
  defaultFrameSettings: 0
--- !u!20 &999714150
Camera:
  m_ObjectHideFlags: 0
  m_CorrespondingSourceObject: {fileID: 0}
  m_PrefabInstance: {fileID: 0}
  m_PrefabAsset: {fileID: 0}
  m_GameObject: {fileID: 999714146}
  m_Enabled: 1
  serializedVersion: 2
  m_ClearFlags: 2
  m_BackGroundColor: {r: 0.19215687, g: 0.3019608, b: 0.4745098, a: 0.019607844}
  m_projectionMatrixMode: 1
  m_GateFitMode: 2
  m_FOVAxisMode: 0
  m_SensorSize: {x: 36, y: 24}
  m_LensShift: {x: 0, y: 0}
  m_FocalLength: 50
  m_NormalizedViewPortRect:
    serializedVersion: 2
    x: 0
    y: 0
    width: 1
    height: 1
  near clip plane: 0.3
  far clip plane: 1000
  field of view: 60
  orthographic: 0
  orthographic size: 100
  m_Depth: 0
  m_CullingMask:
    serializedVersion: 2
    m_Bits: 4294967295
  m_RenderingPath: -1
  m_TargetTexture: {fileID: 0}
  m_TargetDisplay: 0
  m_TargetEye: 3
  m_HDR: 0
  m_AllowMSAA: 0
  m_AllowDynamicResolution: 0
  m_ForceIntoRT: 0
  m_OcclusionCulling: 1
  m_StereoConvergence: 10
  m_StereoSeparation: 0.022
--- !u!4 &999714151
Transform:
  m_ObjectHideFlags: 0
  m_CorrespondingSourceObject: {fileID: 0}
  m_PrefabInstance: {fileID: 0}
  m_PrefabAsset: {fileID: 0}
  m_GameObject: {fileID: 999714146}
  m_LocalRotation: {x: 0, y: 0, z: 0, w: 1}
  m_LocalPosition: {x: 0, y: 1, z: 0}
  m_LocalScale: {x: 1, y: 1, z: 1}
  m_Children: []
  m_Father: {fileID: 0}
  m_RootOrder: 2
  m_LocalEulerAnglesHint: {x: 0, y: 0, z: 0}
--- !u!1 &1113136443
GameObject:
  m_ObjectHideFlags: 0
  m_CorrespondingSourceObject: {fileID: 0}
  m_PrefabInstance: {fileID: 0}
  m_PrefabAsset: {fileID: 0}
  serializedVersion: 6
  m_Component:
  - component: {fileID: 1113136444}
  - component: {fileID: 1113136445}
  m_Layer: 0
  m_Name: RealSense
  m_TagString: Untagged
  m_Icon: {fileID: 0}
  m_NavMeshLayer: 0
  m_StaticEditorFlags: 0
  m_IsActive: 1
--- !u!4 &1113136444
Transform:
  m_ObjectHideFlags: 0
  m_CorrespondingSourceObject: {fileID: 0}
  m_PrefabInstance: {fileID: 0}
  m_PrefabAsset: {fileID: 0}
  m_GameObject: {fileID: 1113136443}
  m_LocalRotation: {x: -0, y: -0, z: -0, w: 1}
  m_LocalPosition: {x: 0, y: 1, z: 0}
  m_LocalScale: {x: 1, y: 1, z: 1}
  m_Children: []
  m_Father: {fileID: 17942846}
  m_RootOrder: 2
  m_LocalEulerAnglesHint: {x: 0, y: 0, z: 0}
--- !u!114 &1113136445
MonoBehaviour:
  m_ObjectHideFlags: 0
  m_CorrespondingSourceObject: {fileID: 0}
  m_PrefabInstance: {fileID: 0}
  m_PrefabAsset: {fileID: 0}
  m_GameObject: {fileID: 1113136443}
  m_Enabled: 1
  m_EditorHideFlags: 0
  m_Script: {fileID: 11500000, guid: 3c9bb53fec8f7ee47a021adfdc0ec203, type: 3}
  m_Name: 
  m_EditorClassIdentifier: 
  deviceStreamingMode: 0
  deviceIndex: 0
  recordingFile: 
  minDistance: 0.5
  maxDistance: 10
  pointCloudResolution: 0
  pointCloudVertexTexture: {fileID: 0}
  pointCloudColorTexture: {fileID: 0}
  pointCloudPlayerList: 
  frameSourceFlags: 0
  sensorRotValueY: 0
  colorCameraMode: 35
  depthCameraMode: 35
--- !u!1 &1341691624
GameObject:
  m_ObjectHideFlags: 0
  m_CorrespondingSourceObject: {fileID: 0}
  m_PrefabInstance: {fileID: 0}
  m_PrefabAsset: {fileID: 0}
  serializedVersion: 6
  m_Component:
  - component: {fileID: 1341691626}
  - component: {fileID: 1341691625}
  m_Layer: 0
  m_Name: SkeletonOverlay
  m_TagString: Untagged
  m_Icon: {fileID: 0}
  m_NavMeshLayer: 0
  m_StaticEditorFlags: 0
  m_IsActive: 0
--- !u!114 &1341691625
MonoBehaviour:
  m_ObjectHideFlags: 0
  m_CorrespondingSourceObject: {fileID: 0}
  m_PrefabInstance: {fileID: 0}
  m_PrefabAsset: {fileID: 0}
  m_GameObject: {fileID: 1341691624}
  m_Enabled: 1
  m_EditorHideFlags: 0
  m_Script: {fileID: 11500000, guid: 981d8b4b42176494bb7f5d513fc35469, type: 3}
  m_Name: 
  m_EditorClassIdentifier: 
  playerIndex: 0
  jointPrefab: {fileID: 117786, guid: c17b901a469cc934f88f499251bed1bc, type: 3}
  linePrefab: {fileID: 12000000, guid: 3c3177e60cde9654e93692fb525776a4, type: 3}
  sensorIndex: 0
  foregroundCamera: {fileID: 999714150}
  sensorTransform: {fileID: 0}
--- !u!4 &1341691626
Transform:
  m_ObjectHideFlags: 0
  m_CorrespondingSourceObject: {fileID: 0}
  m_PrefabInstance: {fileID: 0}
  m_PrefabAsset: {fileID: 0}
  m_GameObject: {fileID: 1341691624}
  m_LocalRotation: {x: 0, y: 0, z: 0, w: 1}
  m_LocalPosition: {x: 0, y: 0, z: 0}
  m_LocalScale: {x: 1, y: 1, z: 1}
  m_Children: []
  m_Father: {fileID: 0}
  m_RootOrder: 5
  m_LocalEulerAnglesHint: {x: 0, y: 0, z: 0}
--- !u!1 &1344219434
GameObject:
  m_ObjectHideFlags: 0
  m_CorrespondingSourceObject: {fileID: 0}
  m_PrefabInstance: {fileID: 0}
  m_PrefabAsset: {fileID: 0}
  serializedVersion: 6
  m_Component:
  - component: {fileID: 1344219438}
  - component: {fileID: 1344219437}
  - component: {fileID: 1344219435}
  - component: {fileID: 1344219436}
  m_Layer: 5
  m_Name: StatusText
  m_TagString: Untagged
  m_Icon: {fileID: 0}
  m_NavMeshLayer: 0
  m_StaticEditorFlags: 0
  m_IsActive: 1
--- !u!114 &1344219435
MonoBehaviour:
  m_ObjectHideFlags: 0
  m_CorrespondingSourceObject: {fileID: 0}
  m_PrefabInstance: {fileID: 0}
  m_PrefabAsset: {fileID: 0}
  m_GameObject: {fileID: 1344219434}
  m_Enabled: 1
  m_EditorHideFlags: 0
  m_Script: {fileID: 11500000, guid: 5f7201a12d95ffc409449d95f23cf332, type: 3}
  m_Name: 
  m_EditorClassIdentifier: 
  m_Material: {fileID: 0}
  m_Color: {r: 1, g: 1, b: 1, a: 1}
  m_RaycastTarget: 1
  m_Maskable: 1
  m_OnCullStateChanged:
    m_PersistentCalls:
      m_Calls: []
  m_FontData:
    m_Font: {fileID: 10102, guid: 0000000000000000e000000000000000, type: 0}
    m_FontSize: 20
    m_FontStyle: 0
    m_BestFit: 0
    m_MinSize: 2
    m_MaxSize: 40
    m_Alignment: 0
    m_AlignByGeometry: 0
    m_RichText: 1
    m_HorizontalOverflow: 0
    m_VerticalOverflow: 0
    m_LineSpacing: 1
  m_Text: 
--- !u!114 &1344219436
MonoBehaviour:
  m_ObjectHideFlags: 0
  m_CorrespondingSourceObject: {fileID: 0}
  m_PrefabInstance: {fileID: 0}
  m_PrefabAsset: {fileID: 0}
  m_GameObject: {fileID: 1344219434}
  m_Enabled: 1
  m_EditorHideFlags: 0
  m_Script: {fileID: 11500000, guid: cfabb0440166ab443bba8876756fdfa9, type: 3}
  m_Name: 
  m_EditorClassIdentifier: 
  m_EffectColor: {r: 0, g: 0, b: 0, a: 0.5}
  m_EffectDistance: {x: 2, y: -2}
  m_UseGraphicAlpha: 1
--- !u!222 &1344219437
CanvasRenderer:
  m_ObjectHideFlags: 0
  m_CorrespondingSourceObject: {fileID: 0}
  m_PrefabInstance: {fileID: 0}
  m_PrefabAsset: {fileID: 0}
  m_GameObject: {fileID: 1344219434}
  m_CullTransparentMesh: 0
--- !u!224 &1344219438
RectTransform:
  m_ObjectHideFlags: 0
  m_CorrespondingSourceObject: {fileID: 0}
  m_PrefabInstance: {fileID: 0}
  m_PrefabAsset: {fileID: 0}
  m_GameObject: {fileID: 1344219434}
  m_LocalRotation: {x: -0, y: -0, z: -0, w: 1}
  m_LocalPosition: {x: 0, y: 0, z: 0}
  m_LocalScale: {x: 1, y: 1, z: 1}
  m_Children: []
  m_Father: {fileID: 479673197}
  m_RootOrder: 0
  m_LocalEulerAnglesHint: {x: 0, y: 0, z: 0}
  m_AnchorMin: {x: 0, y: 1}
  m_AnchorMax: {x: 1, y: 1}
  m_AnchoredPosition: {x: 5, y: -10}
  m_SizeDelta: {x: -10, y: 50}
  m_Pivot: {x: 0.5, y: 1}
--- !u!1 &1837069620
GameObject:
  m_ObjectHideFlags: 0
  m_CorrespondingSourceObject: {fileID: 0}
  m_PrefabInstance: {fileID: 0}
  m_PrefabAsset: {fileID: 0}
  serializedVersion: 6
  m_Component:
  - component: {fileID: 1837069622}
  - component: {fileID: 1837069621}
  m_Layer: 0
  m_Name: AvatarMatcher
  m_TagString: Untagged
  m_Icon: {fileID: 0}
  m_NavMeshLayer: 0
  m_StaticEditorFlags: 0
  m_IsActive: 1
--- !u!114 &1837069621
MonoBehaviour:
  m_ObjectHideFlags: 0
  m_CorrespondingSourceObject: {fileID: 0}
  m_PrefabInstance: {fileID: 0}
  m_PrefabAsset: {fileID: 0}
  m_GameObject: {fileID: 1837069620}
  m_Enabled: 1
  m_EditorHideFlags: 0
  m_Script: {fileID: 11500000, guid: 243b01ef97e8ecb40b0d023858d3aa46, type: 3}
  m_Name: 
  m_EditorClassIdentifier: 
  avatarModel: {fileID: 100176, guid: ae23d50304c93b9418b65cec8f9fe954, type: 3}
  smoothFactor: 6
  posRelativeToCamera: {fileID: 999714150}
  mirroredMovement: 1
  verticalMovement: 1
  horizontalMovement: 1
  groundedFeet: 1
  applyMuscleLimits: 1
--- !u!4 &1837069622
Transform:
  m_ObjectHideFlags: 0
  m_CorrespondingSourceObject: {fileID: 0}
  m_PrefabInstance: {fileID: 0}
  m_PrefabAsset: {fileID: 0}
  m_GameObject: {fileID: 1837069620}
  m_LocalRotation: {x: 0, y: 0, z: 0, w: 1}
  m_LocalPosition: {x: 0, y: 1, z: 96}
  m_LocalScale: {x: 1, y: 1, z: 1}
  m_Children: []
  m_Father: {fileID: 0}
  m_RootOrder: 7
  m_LocalEulerAnglesHint: {x: 0, y: 0, z: 0}
--- !u!1 &2096807328
GameObject:
  m_ObjectHideFlags: 1
  m_CorrespondingSourceObject: {fileID: 0}
  m_PrefabInstance: {fileID: 0}
  m_PrefabAsset: {fileID: 0}
  serializedVersion: 6
  m_Component:
  - component: {fileID: 2096807330}
  - component: {fileID: 2096807329}
  m_Layer: 0
  m_Name: StaticLightingSky
  m_TagString: Untagged
  m_Icon: {fileID: 0}
  m_NavMeshLayer: 0
  m_StaticEditorFlags: 0
  m_IsActive: 1
--- !u!114 &2096807329
MonoBehaviour:
  m_ObjectHideFlags: 1
  m_CorrespondingSourceObject: {fileID: 0}
  m_PrefabInstance: {fileID: 0}
  m_PrefabAsset: {fileID: 0}
  m_GameObject: {fileID: 2096807328}
  m_Enabled: 1
  m_EditorHideFlags: 0
  m_Script: {fileID: 11500000, guid: 441482e8936e35048a1dffac814e3ef8, type: 3}
  m_Name: 
  m_EditorClassIdentifier: 
  m_Profile: {fileID: 0}
  m_StaticLightingSkyUniqueID: 0
  m_SkySettings: {fileID: 0}
  m_SkySettingsFromProfile: {fileID: 0}
--- !u!4 &2096807330
Transform:
  m_ObjectHideFlags: 1
  m_CorrespondingSourceObject: {fileID: 0}
  m_PrefabInstance: {fileID: 0}
  m_PrefabAsset: {fileID: 0}
  m_GameObject: {fileID: 2096807328}
  m_LocalRotation: {x: 0, y: 0, z: 0, w: 1}
  m_LocalPosition: {x: 0, y: 0, z: 0}
  m_LocalScale: {x: 1, y: 1, z: 1}
  m_Children: []
  m_Father: {fileID: 0}
  m_RootOrder: 8
  m_LocalEulerAnglesHint: {x: 0, y: 0, z: 0}
